@book{girden1992anova,
  title={ANOVA: Repeated measures},
  author={Girden, Ellen R},
  number={84},
  year={1992},
  publisher={Sage}
}

@article{potvin1990statistical,
  title={The statistical analysis of ecophysiological response curves obtained from experiments involving repeated measures},
  author={Potvin, Catherine and Lechowicz, Martin J and Tardif, Serge},
  journal={Ecology},
  volume={71},
  number={4},
  pages={1389--1400},
  year={1990},
  publisher={Wiley Online Library}
}