@article{lamotte1972notes,
  title={Notes on the covariance matrix of a random, nested ANOVA model},
  author={LaMotte, Lynn Roy},
  journal={The Annals of Mathematical Statistics},
  pages={659--662},
  year={1972},
  publisher={JSTOR}
}

@article{morgan2007p,
  title={p Value fetishism and use of the Bonferroni adjustment},
  author={Morgan, John F},
  journal={Evidence-based mental health},
  volume={10},
  number={2},
  pages={34},
  year={2007},
  publisher={BMJ Publishing Group LTD}
}

@article{rubin2017p,
  title={Do p values lose their meaning in exploratory analyses? It depends how you define the familywise error rate.},
  author={Rubin, Mark},
  journal={Review of General Psychology},
  volume={21},
  number={3},
  pages={269},
  year={2017},
  publisher={Educational Publishing Foundation}
}

@article{tukey1977some,
  title={Some thoughts on clinical trials, especially problems of multiplicity},
  author={Tukey, John W},
  journal={Science},
  volume={198},
  number={4318},
  pages={679--684},
  year={1977},
  publisher={American Asociation for the Advancement of Science}
}

