@article{anderson1935irises,
  title={The irises of the Gaspe Peninsula},
  author={Anderson, Edgar},
  journal={Bulletin of the American Iris society},
  volume={59},
  pages={2--5},
  year={1935}
}

@article{bartlett1937properties,
  title={Properties of sufficiency and statistical tests},
  author={Bartlett, Maurice S},
  journal={Proc. R. Soc. Lond. A},
  volume={160},
  number={901},
  pages={268--282},
  year={1937},
  publisher={The Royal Society}
}

@article{lix1996consequences,
  title={Consequences of assumption violations revisited: A quantitative review of alternatives to the one-way analysis of variance F test},
  author={Lix, Lisa M and Keselman, Joanne C and Keselman, HJ},
  journal={Review of educational research},
  volume={66},
  number={4},
  pages={579--619},
  year={1996},
  publisher={Sage Publications Sage CA: Thousand Oaks, CA}
}


@article{royston1995remark,
  title={Remark AS R94: A remark on algorithm AS 181: The W-test for normality},
  author={Royston, Patrick},
  journal={Journal of the Royal Statistical Society. Series C (Applied Statistics)},
  volume={44},
  number={4},
  pages={547--551},
  year={1995},
  publisher={JSTOR}
}


@article{savage2007quantitative,
  title={A quantitative, theoretical framework for understanding mammalian sleep},
  author={Savage, Van M and West, Geoffrey B},
  journal={Proceedings of the National Academy of Sciences},
  volume={104},
  number={3},
  pages={1051--1056},
  year={2007},
  publisher={National Acad Sciences}
}

@article{beall1942transformation,
  title={The transformation of data from entomological field experiments so that the analysis of variance becomes applicable},
  author={Beall, Geoffrey},
  journal={Biometrika},
  volume={32},
  number={3/4},
  pages={243--262},
  year={1942},
  publisher={JSTOR}
}