@article{azzalini1990look,
  title={A look at some data on the Old Faithful geyser},
  author={Azzalini, Adelchi and Bowman, Adrian W},
  journal={Applied Statistics},
  pages={357--365},
  year={1990},
  publisher={JSTOR}
}

@article{boneau1960effects,
  title={The effects of violations of assumptions underlying the t test.},
  author={Boneau, C Alan},
  journal={Psychological bulletin},
  volume={57},
  number={1},
  pages={49},
  year={1960},
  publisher={American Psychological Association}
}

@article{chambers35graphical,
  title={Graphical methods for data analysis. 1983},
  author={Chambers, John M and Cleveland, William S and Kleiner, Beat and Tukey, Paul A},
  journal={Wadsworth, Belmont, CA},
  year={1983},
  volume={35}
}

@article{student1908probable,
  title={The probable error of a mean},
  author={Student},
  journal={Biometrika},
  pages={1--25},
  year={1908},
  publisher={JSTOR}
}

@article{sturges1926choice,
  title={The choice of a class interval},
  author={Sturges, Herbert A},
  journal={Journal of the american statistical association},
  volume={21},
  number={153},
  pages={65--66},
  year={1926}
}

@article{world2003health,
  title={Health aspects of air pollution with particulate matter, ozone and nitrogen dioxide: report on a WHO working group, Bonn, Germany 13-15 January 2003,
  author={World Health Organization and others},
  year={2003},
  publisher={Copenhagen: WHO Regional Office for Europe}
}
}